2730 4816
691 197 734 262 34

144 373 177 438 in
201 393 245 439 or.
267 372 306 438 V.
330 376 362 437 et
384 369 439 434 VI.
461 368 540 432 nihil
565 369 757 453 respondet,
784 370 846 436 nisi
871 370 957 454 quod
980 371 1104 442 duobus
1128 395 1177 442 or.
1200 376 1240 443 V.
1262 377 1290 445 lo

143 481 188 548 cis
211 481 291 547 haec
312 478 465 545 orationis
487 477 589 541 torma
612 484 747 561 apparet
770 479 822 562 (V,
845 480 898 563 79,
921 480 991 566 80)=

165 807 167 814 ¹
227 827 320 908 Quod
350 829 528 894 orationum
559 828 727 896 discrimen
757 829 909 895 facillime
937 831 1092 916 explicari
1120 841 1290 917 potesta

137 956 183 1020 re,
205 935 290 1020 quod
312 937 502 1020 tetralogiae
524 957 588 1003 non
611 940 654 1004 ad
676 959 768 1004 usum
790 937 949 1006 forensem
965 938 1022 1004 sed
1044 941 1287 1007 exercitationis

138 1064 253 1128 causa,
286 1045 348 1110 hac
370 1066 445 1111 vero
468 1046 630 1112 orationes
653 1068 691 1113 eo
714 1047 857 1131 consilio,
891 1047 979 1112 utin
998 1046 1122 1132 judicio
1145 1048 1286 1142 diceren-

135 1159 202 1231 tur,
237 1154 375 1238 scriptae
398 1161 479 1219 sunt.

220 1284 403 1349 Particulac
424 1285 485 1364 μέν
506 1285 635 1366 saepius
666 1302 730 1348 non
761 1283 933 1369 respondet
955 1285 1115 1370 particula
1139 1286 1193 1372 δέ,
1228 1288 1284 1354 sed

51 1469 55 1472 ⁴
133 1393 200 1457 alia
223 1390 390 1475 quaedam,
413 1391 464 1455 vel
486 1392 615 1456 omnino
639 1390 742 1455 nulla:
767 1391 804 1474 V,
830 1393 870 1457 10
894 1396 1020 1474 πρῶτον
1041 1395 1155 1474 μέν-
1174 1394 1283 1458 ἔπειτα

132 1507 164 1566 et
186 1501 299 1566 eodem
322 1499 417 1564 modo
441 1500 583 1582 sequitur
605 1499 791 1583 simpliciter
814 1499 922 1562 ἔπειτα
945 1501 983 1582 V,
1008 1501 1065 1583 183
1094 1501 1150 1581 VI,
1177 1503 1209 1584 8,
1232 1503 1282 1589 11,

133 1609 181 1674 19.
239 1608 277 1690 V,
302 1608 342 1671 14
365 1615 396 1673 et
419 1608 516 1690 VI,2
550 1604 688 1688 ὑπάρχει
710 1609 771 1688 μέν
806 1646 842 1654 -
875 1607 992 1672 ἔπειτα.
1049 1609 1086 1692 V,
1111 1610 1141 1686 8,
1165 1612 1197 1694 9,
1213 1613 1280 1716 '213

129 1717 182 1782 VI.
208 1717 257 1800 15,
282 1717 322 1780 12
344 1719 473 1796 πρῶτον
492 1717 562 1795 μέν,
588 1716 637 1779 cui
661 1715 797 1780 alterum
811 1717 987 1782 membrum
1008 1737 1070 1782 non
1094 1720 1279 1803 respondet.

128 1825 167 1909 V,
192 1825 232 1890 19
261 1825 322 1905 μέν
346 1861 387 1872 -
416 1827 523 1905 μέντοι
535 1874 548 1907 ,.
578 1844 659 1908 quae
690 1826 918 1909 particularum
949 1826 1113 1911 responsio
1146 1829 1279 1914 saepius

126 1933 286 2000 invenitur
316 1931 370 2018 (of.
397 1954 428 2017 p.
456 1934 529 2016 52),
558 1933 595 2017 V,
626 1934 686 2017 863
717 1934 770 2011 VI,
800 1935 834 2015 3,
871 1934 927 2017 18,
958 1935 1007 1999 22.
1066 1933 1103 2017 V,
1134 1935 1178 2001 52
1217 1938 1278 2018 μέν

125 2045 291 2107 -καίιοι,
335 2041 390 2124 VI,
416 2041 456 2105 14
478 2040 724 2126 conjunguntur
746 2042 922 2126 particulae
943 2044 1043 2120 μέν-
1060 2045 1123 2126 acl,
1146 2064 1214 2126 qua
1236 2045 1276 2113 de

124 2149 331 2217 anacoluthia
354 2147 433 2213 dicit
455 2149 658 2215 Hermannus
682 2148 725 2214 ad
748 2149 902 2234 Vigerum
930 2171 961 2235 p.
984 2150 1056 2216 839.
1115 2152 1153 2236 V,
1176 2154 1219 2219 57
1244 2161 1276 2219 ct

124 2258 167 2325 25
188 2253 391 2341 μέν-ἄλλοί.
510 2258 511 2261 ’
848 2259 856 2284 ⁴

213 2387 350 2472 Saepius
382 2386 541 2471 particula
573 2388 633 2467 pto
662 2386 696 2451 in
725 2385 860 2472 apodosi
882 2387 996 2452 iterum
1018 2388 1124 2472 posita
1146 2397 1197 2456 est
1220 2390 1274 2477 (cf.

121 2515 152 2580 p.
175 2495 252 2579 32)2
281 2492 320 2578 V,
343 2493 403 2577 30,
437 2492 498 2576 543
528 2492 583 2577 VI,
607 2495 636 2558 9.
681 2494 719 2557 In
752 2494 897 2559 omnibus
925 2495 1080 2578 exemplis
1110 2496 1273 2580 particula

121 2600 160 2665 δέ
181 2601 280 2669 semel
302 2606 426 2707 tanturn
448 2600 555 2686 posita
576 2601 729 2683 sequitur.

206 2845 381 2911 Praeterea
404 2850 436 2909 et
457 2844 491 2908 in
513 2843 692 2928 tetralogiis
715 2852 747 2910 ot
776 2845 810 2910 in
833 2845 946 2912 ceteris
969 2848 1166 2916 orationibus
1190 2871 1269 2920 non·

118 2954 208 3019 nulla
230 2959 358 3018 exstant
380 2953 538 3036 exempla,
560 2951 615 3017 ubi
631 2953 809 3038 enunciato,
832 2955 882 3019 cui
897 2955 1052 3039 particula
1069 2959 1131 3038 μέν
1152 2960 1269 3028 addita

117 3068 182 3147 est,
212 3062 348 3127 alterum
382 3061 586 3126 enunciatum
614 3062 742 3127 omnino
768 3082 832 3128 non
856 3062 1037 3148 respondet.
1091 3065 1144 3132 Ad
1166 3087 1267 3136 unum

115 3170 228 3239 horum
251 3170 468 3254 exemplorum
490 3168 624 3234 adnotat
645 3170 850 3237 Maetznerus
881 3171 924 3257 (p.
949 3172 1042 3256 153):
1079 3181 1155 3259 „aut
1177 3197 1266 3262 pror·

114 3298 168 3346 sus
190 3279 340 3345 omissum
363 3284 411 3343 est
435 3279 613 3343 membrum
639 3297 656 3342 e
679 3280 910 3345 sententiarum
932 3300 1016 3346 nexu
1040 3282 1267 3373 supplendum,

112 3394 169 3454 aut
192 3388 359 3462 immutata
381 3386 535 3452 orationis
558 3385 672 3471 forma,
694 3387 734 3452 iis
756 3388 845 3472 ipsis,
868 3408 950 3471 quae
972 3396 1157 3475 sequuntur,
1180 3391 1268 3461 inest

110 3496 270 3563 sententia
292 3495 440 3580 opposita
462 3493 517 3579 (cf.
539 3517 570 3580 p.
592 3496 635 3560 32
658 3502 690 3561 ct
711 3497 773 3580 34,
808 3497 863 3561 ubi
886 3497 979 3562 huius
1002 3498 1131 3580 generis
1155 3519 1265 3567 exem-

109 3603 165 3691 pla
187 3603 311 3690 attuli),
344 3609 400 3669 aut
435 3602 573 3687 denique
596 3611 725 3688 propter
756 3605 930 3669 enunciata
953 3625 1025 3670 curn
1048 3625 1086 3672 eo
1109 3608 1266 3695 membro,

107 3713 143 3779 in
165 3733 227 3796 quo
249 3715 309 3792 μέν
320 3712 479 3797 particula
501 3711 646 3796 infertur,
670 3712 843 3797 conjuncta
858 3713 1001 3797 illudque
1016 3714 1263 3804 amplificantis,

107 3821 261 3887 orationis
296 3821 487 3905 principium
517 3820 653 3886 dicentis
686 3820 738 3886 vel
771 3821 940 3888 scribentis
966 3823 1075 3889 animo
1107 3822 1264 3894 excidit“.

106 3929 171 3998 Sed
205 3929 322 3996 rectius
343 3928 582 3994 Baeumleinius
616 3929 650 4014 (l.
674 3947 709 3994 c..
723 3950 752 4013 p.
777 3930 869 4014 152),
903 3951 920 3996 c
949 3932 1095 3997 Platonis
1125 3932 1264 4002 Critone

106 4039 149 4103 43
171 4038 201 4102 D
224 4038 324 4103 verba
346 4036 500 4101 afferens:
534 4035 620 4098 οὔτοι
649 4034 687 4119 dp*
717 4035 870 4121 α’φτκται,
903 4036 987 4102 citici
1012 4039 1102 4102 donet
1121 4041 1182 4121 μέν
1203 4063 1263 4124 μοι

105 4143 193 4232 ἥξειν
226 4147 376 4229 τήμερονε
411 4145 496 4230 ,Der
529 4152 706 4228 gegensatz
741 4166 846 4229 gegen
882 4145 920 4213 οὐ
941 4184 985 4195 -
1007 4145 1143 4231 α’φῖκται
1175 4149 1263 4218 wird

104 4253 205 4320 durch
227 4250 315 4316 utto
337 4251 573 4336 ausgedruckt3
605 4254 665 4331 μέν
686 4251 791 4339 dicut,
823 4274 875 4321 um
898 4253 991 4318 donet
1011 4276 1050 4321 zu
1072 4255 1261 4342 bestdtigen

103 4360 171 4430 und
191 4359 460 4429 hervornuhebeu.
517 4358 696 4428 Stallbaum
730 4361 880 4432 bemerkt
913 4384 1002 4432 zuar
1033 4364 1104 4432 hier
1125 4363 1195 4432 und
1217 4386 1260 4437 au
