2730 4816
658 271 700 342 53

105 445 157 514 bis
179 452 303 512 tantum
325 447 460 532 legitur,
491 446 549 513 sed
570 467 614 513 or.
636 447 673 512 V.
695 446 874 531 nonaginta
896 466 967 532 sex,
997 468 1042 515 or.
1065 447 1118 513 VI.
1140 451 1246 516 autem

97 555 342 643 ¹quinquaginta
370 576 465 622 unam
494 557 716 641 paragraphos
744 559 893 622 eontinet.
936 555 1002 623 Sed
1023 557 1104 622 haee
1126 557 1247 622 leviora

106 670 190 732 sunt.
234 664 374 730 Maxime
404 684 480 731 vero
511 664 640 730 offendo
670 665 703 730 in
733 665 784 731 his
805 665 928 732 verbis:
959 686 1022 732 von
1045 666 1243 732 besonderen

106 771 351 856 verbindungen
374 773 462 838 kann
493 778 585 837 nnter
615 771 725 838 diesen
748 772 938 839 umstanden
965 773 1064 839 kaurn
1094 772 1146 860 die
1169 773 1247 840 rede

105 880 185 947 sein.
229 881 382 946 Zweimal
408 881 528 946 kommt
549 881 655 942 τοίνυν
685 902 743 947 vor
765 882 870 949 hintes
899 882 972 948 dem
994 903 1168 968 pronomen
1191 882 1248 948 der

107 993 214 1054 ersten
236 1008 351 1073 person
374 989 438 1065 ίγοί
461 989 526 1053 und
552 987 653 1068 tpot‘t
696 990 821 1055 Etenim
851 1011 902 1058 res
929 1011 1057 1077 prorsus
1088 992 1182 1056 aliter
1212 1009 1247 1057 se

107 1095 220 1182 habet,
251 1110 283 1164 et
313 1099 431 1184 optime
460 1097 732 1163 accuratissimum
763 1098 933 1164 discrimen
955 1099 1038 1165 inter
1059 1099 1247 1183 tetralogias

109 1210 143 1270 et
162 1226 208 1272 or.
230 1207 267 1275 V.
291 1215 323 1273 et
344 1207 396 1272 Vl.
420 1207 568 1290 cognosci
599 1213 712 1290 potest.
756 1206 793 1273 In
815 1207 879 1274 illis
908 1208 992 1273 euim
1020 1227 1145 1293 semper
1167 1200 1246 1291 iegi-

112 1334 182 1380 mus
204 1318 380 1401 particulas
400 1319 461 1395 μίν
482 1319 588 1378 τοίνυν
610 1316 808 1402 conjunctas,
832 1317 864 1382 in
888 1338 933 1384 or.
956 1317 993 1382 V.
1015 1325 1050 1400 et
1070 1317 1139 1402 VL,
1161 1336 1246 1401 quae

109 1443 150 1490 ne
173 1425 271 1490 semel
294 1423 420 1508 quidem
444 1425 516 1491 illas
539 1426 713 1510 particulas
736 1426 943 1511 conjungunt,
965 1426 1122 1511 particula
1143 1429 1249 1489 τοίνυν

109 1552 244 1617 sempor,
266 1554 331 1599 non
345 1533 447 1599 solum
464 1533 589 1599 duobus
611 1522 674 1600 illis
689 1535 768 1600 loeis
791 1555 870 1619 quos
888 1534 1125 1618 Rosenbergius
1146 1534 1250 1620 affert,

109 1661 180 1707 oum
210 1644 313 1727 prima
342 1663 482 1728 persona
511 1643 682 1728 oonjunota
710 1650 768 1711 est.
824 1645 914 1724 Quae
935 1664 986 1710 res
1017 1643 1124 1727 aliquo
1154 1644 1248 1709 modo

108 1749 191 1815 mira
213 1756 279 1835 θείς
308 1751 452 1817 videmus
475 1751 569 1836 enim,
590 1751 779 1836 tetralogias
802 1753 862 1818 hoo
884 1751 1010 1836 quidem
1034 1771 1092 1817 usu
1115 1751 1246 1836 propius

109 1857 264 1924 aoeedere
287 1858 329 1924 ad
352 1859 560 1944 posteriorum
591 1867 750 1926 oratorum
773 1881 874 1945 usum,
898 1859 985 1947 apud
1007 1881 1087 1944 quos
1110 1861 1249 1946 partiou-

108 1965 212 2031 larum
232 1968 293 2046 μὲν
315 1969 421 2029 τοίνυν
451 1966 705 2052 conjunctionem
740 1971 980 2036 usitatissimam
1012 1990 1083 2036 esso
1115 1977 1250 2035 testatur

110 2074 348 2158 Rosenbergius
381 2075 414 2159 (1.
437 2094 464 2140 o.
495 2095 525 2160 p.
560 2077 622 2141 114
655 2077 732 2161 sq.)‚
767 2098 862 2162 quam
897 2080 1058 2145 orationes
1079 2079 1117 2144 V.
1140 2086 1172 2144 ot
1193 2079 1248 2145 VI.
1296 2116 1298 2118 ·

109 2181 268 2267 Exempla
290 2183 454 2250 invenies:
477 2185 576 2269 Bou
599 2187 647 2247 Γυ
666 2188 705 2271 73
728 2187 765 2271 V,
789 2189 848 2271 603
871 2189 929 2273 663
953 2189 1012 2272 833
1034 2188 1089 2272 VI,
1112 2189 1173 2272 263
1196 2188 1249 2253 31.

194 2289 323 2358 Rectius
346 2292 584 2376 Rosenbergins
607 2294 648 2359 de
669 2295 905 2379 significatione
934 2297 1112 2383 particulae
1142 2297 1249 2383 dispu-

110 2402 198 2463 tasse
224 2397 307 2463 mihi.
324 2398 451 2464 videtur
479 2398 532 2484 (of.
556 2400 576 2466 l.
599 2420 627 2466 o.
650 2423 680 2487 p.
706 2403 800 2490 118),
834 2410 930 2488 atque
960 2403 1000 2470 de
1023 2424 1062 2471 ea
1083 2426 1118 2473 re
1139 2425 1250 2491 pronus

110 2525 181 2574 oum
201 2526 240 2573 eo
263 2506 437 2573 consentio.

197 2615 310 2682 Restat
322 2620 357 2680 ut
381 2634 537 2700 moneam,
559 2616 733 2700 particulas
754 2607 873 2700 τσινυῖρ,
896 2625 1063 2706 τοιγάρτοι,
1084 2623 1251 2707 τοιγαροῦν

112 2723 154 2790 ab
176 2722 375 2811 Antiphonte
398 2723 526 2790 omnino
547 2742 612 2789 non
634 2743 705 2791 esse
726 2732 905 2813 usurpatas.
