2730 4816
723 235 766 299 22

262 410 376 475 Cetera
398 407 545 493 exempla
567 405 657 472 vide:
679 407 717 492 V,
739 408 799 491 2ος
821 407 882 491 413
905 406 957 472 76.
1000 404 1055 489 VI,
1077 405 1122 488 43
1145 406 1211 488 383
1235 405 1289 471 50.

261 517 424 583 Particula
453 517 508 578 act
539 514 707 599 repetitur:
740 516 795 599 Vl,
817 515 868 580 22.
923 513 1043 592 Quater
1077 512 1244 598 particula
1274 512 1323 574 not

176 625 282 712 posita
304 631 372 691 est:
395 624 433 708 V,
456 625 498 689 38
522 628 553 689 et
574 623 629 707 VI,
652 624 681 687 6.

264 733 345 798 Oum
365 733 400 798 in
419 731 598 813 tetralogiis
617 731 746 814 saepius
759 730 969 814 substantiva,
992 729 1106 812 quibus
1124 729 1324 815 praepositio

178 840 288 924 aliqua
311 841 422 905 addita
446 845 503 922 est,
525 838 689 922 particulis
703 839 811 901 τέ-τέ
825 837 996 923 conjuncta
1006 837 1214 902 inveniamus
1233 837 1269 901 in
1284 855 1325 902 or.

178 949 216 1013 V.
241 954 273 1014 et
291 949 345 1014 VI.
365 949 434 1013 eius
459 946 546 1013 modi
583 966 678 1012 voces
718 946 883 1032 particulis
908 946 1057 1009 τέ-καί
1082 945 1325 1030 conjunguntur

178 1057 217 1140 V,
241 1057 291 1121 88.

266 1163 450 1229 Invenimus
471 1163 506 1228 in
528 1162 706 1245 tetralogiis
728 1181 843 1228 novem
866 1160 1022 1246 exempla,
1046 1160 1079 1224 in
1098 1159 1325 1245 quibusparti-

180 1273 271 1337 culae
282 1273 390 1332 τέ-τέ
401 1292 470 1336 cum
479 1271 769 1356 praepositionibus
780 1269 969 1354 conjunctae
985 1273 1086 1346 erant,
1102 1269 1325 1351 eaqueomnia

180 1378 227 1443 ita
249 1385 451 1461 comparata,
473 1385 508 1443 ut
530 1378 689 1461 particula
711 1379 743 1439 τέ
765 1377 868 1442 locum
890 1381 963 1461 post
984 1375 1261 1460 praepositionem
1284 1384 1326 1442 te·

180 1490 285 1566 neret;
307 1506 410 1568 neque
432 1506 508 1551 vero
531 1486 564 1549 in
587 1486 701 1551 ceteris
725 1486 932 1567 orationibus,
955 1503 1037 1567 quae
1059 1485 1230 1569 particulis
1252 1487 1322 1547 τέ-

181 1595 390 1678 salutantur,
412 1613 462 1659 res
485 1594 579 1658 aliter
600 1611 635 1658 se
657 1592 770 1676 habet,
793 1613 864 1658 cum
887 1591 994 1658 omnia
1016 1591 1164 1677 exempla
1189 1593 1325 1658 eandem

180 1702 348 1767 verborum
371 1701 612 1766 collocationem
634 1699 812 1783 ostendant,
835 1721 899 1764 uno
920 1700 991 1766 loco
1014 1704 1165 1784 excepto:
1206 1699 1264 1784 VI,
1287 1698 1324 1764 31

180 1805 307 1881 τούτους
324 1807 511 1888 μὲυαύτους
527 1831 558 1870 τε
578 1807 642 1870 ὑπὸ
656 1812 748 1890 σφῶν
770 1807 876 1870 αὐτῶν
887 1827 955 1891 sqq.
998 1807 1121 1871 Tamen
1133 1813 1225 1891 puto,
1246 1805 1326 1872 nihil

182 1935 253 1981 esse
276 1916 472 2000 mutandum,
494 1936 565 1981 cum
582 1917 695 1981 similis
710 1917 879 1981 verborum
893 1914 1112 1980 collocationis
1123 1915 1326 1999 negligentia

185 2024 314 2109 saepius
335 2024 369 2087 in
392 2024 441 2088 his
464 2024 662 2089 orationibus
684 2024 875 2106 inveniatur,
897 2030 932 2088 ut
953 2023 1008 2107 VI,
1032 2023 1073 2087 18
1095 2019 1250 2098 ἐξαύτῶν
1266 2026 1327 2088 τῶν

182 2129 286 2207 λόγων
308 2134 371 2191 τῶν
392 2153 422 2192 τε
443 2133 499 2192 τοῦ
520 2122 692 2213 κατηγόρου
719 2133 851 2192 καὶτοῦ
871 2129 1137 2211 ἀποκρινομένου.
1182 2129 1272 2197 Nam
1295 2137 1327 2197 ut

182 2257 280 2322 supra
301 2238 459 2323 particula
480 2239 530 2322 τέ,
562 2258 633 2302 cum
651 2236 773 2322 justum
796 2237 914 2302 habeat
936 2237 1042 2303 locum
1065 2242 1136 2320 post
1158 2238 1326 2323 praeposi·

182 2346 302 2410 tionem
323 2346 524 2429 negligentia
546 2344 685 2428 quadam
709 2344 885 2429 antecedit,
921 2344 969 2410 ita
990 2343 1050 2408 hoc
1073 2344 1143 2410 loco
1165 2346 1328 2430 particula

183 2455 216 2516 τέ
238 2454 394 2530 articulo,
416 2474 509 2538 quem
531 2454 622 2537 sequi
645 2452 793 2538 debebat,
816 2452 987 2519 antecedit.
1039 2453 1122 2518 Tum
1143 2453 1209 2519 huc
1231 2456 1329 2540 perti·

183 2570 261 2628 nent
282 2563 382 2629 verba
402 2563 440 2645 V,
463 2562 504 2626 65
527 2561 597 2642 ἅμα
618 2583 650 2623 τε
672 2564 888 2644 πανουργοῦσι
911 2564 965 2623 καὶ
987 2560 1153 2644 πρόφασιν
1165 2557 1329 2646 εὑρίσκοι»

184 2686 251 2750 σου,
281 2690 353 2736 cum
382 2669 540 2755 particula
574 2671 607 2732 τέ
641 2669 801 2754 proprium
824 2669 929 2737 locum
959 2669 1079 2736 habeat
1103 2674 1176 2754 post
1200 2692 1328 2757 παυουρ

183 2781 304 2854 νοῦσον.
1269 2774 1277 2788 ’

270 2887 315 2953 Ut
336 2884 370 2949 in
392 2883 546 2949 orationis
568 2884 692 2968 primae
713 2884 820 2951 verbis
849 2881 916 2948 ὑπό
944 2905 976 2948 τε
1009 2883 1098 2967 ὑμῶν
1119 2887 1174 2946 καὶ
1198 2888 1259 2950 τοῦ
1281 2887 1330 2952 dr-

184 2993 277 3054 τοίου
299 2991 333 3077 (8
355 2991 412 3076 25)
435 2990 489 3076 (cl.
510 3011 541 3076 p.
564 2990 618 3076 15)
648 2990 734 3075 apud
763 2991 936 3074 particulas
958 2992 1099 3054 τέ-καί
1127 2994 1328 3079 praepositio

184 3100 282 3165 semel
304 3104 425 3163 tantum
448 3097 554 3184 posita
576 3105 640 3183 est,
669 3099 716 3163 ita
738 3099 772 3163 in
793 3099 843 3166 his
866 3119 992 3185 quoque
1014 3099 1122 3166 verbis
1143 3100 1210 3186 VI,
1242 3104 1265 3168 6
1288 3104 1328 3177 εἰς

183 3230 215 3270 τε
236 3205 307 3279 τοὺς
326 3207 424 3278 &scic
454 3209 508 3266 καὶ
537 3203 608 3278 τούς
639 3209 758 3287 νόμους
787 3206 840 3287 (cf.
870 3207 908 3292 V,
931 3209 972 3272 88
1004 3207 1049 3280 εἴς
1078 3229 1116 3269 τε.
1131 3208 1208 3281 τοὺς
1230 3211 1328 3284 θεοὺς

185 3318 240 3379 καὶ
262 3313 306 3387 εἰς
327 3316 399 3387 τούς
421 3311 564 3400 νόμους.)
608 3314 651 3378 ut
671 3313 709 3398 V,
733 3315 774 3379 62
798 3317 871 3398 περί
891 3311 1031 3378 madoci
1052 3313 1209 3396 καὶέμοῦ.
1257 3318 1326 3407 (Op

185 3424 248 3490 dex
270 3421 455 3490 oxoniensis
477 3421 568 3487 addit
590 3423 663 3505 περί
684 3427 757 3506 post
778 3424 855 3510 καί).

270 3530 378 3596 Etiam
407 3531 575 3595 verborum
606 3527 713 3603 ἄλλως
740 3552 772 3592 τε
804 3532 859 3593 act
880 3530 1063 3616 conjunctio
1085 3530 1254 3600 invenitur
1277 3533 1326 3622 (ot

183 3662 214 3726 p.
237 3640 301 3725 35.)
323 3638 359 3704 in
382 3658 426 3704 or.
448 3638 486 3703 V.
509 3642 528 3720 ξ
550 3639 602 3703 32.

269 3748 343 3814 Uno
364 3745 435 3813 loco
457 3745 570 3830 verba,
606 3765 688 3828 quae
718 3745 884 3830 particulis
915 3748 1060 3810 at-xot
1089 3744 1325 3833 conjunguntur

184 3855 231 3920 ita
253 3854 408 3921 collocata
422 3861 504 3937 sunt,
526 3860 562 3917 ut
583 3873 647 3921 vox
668 3852 835 3938 quaedam,
859 3843 942 3938 quae
962 3853 1005 3920 ad
1021 3855 1115 3921 ambo
1131 3874 1236 3939 aeque
1260 3878 1324 3944 per

183 3964 286 4028 tineat
307 3960 496 4044 interposita
518 3961 560 4026 sit
582 3959 636 4046 (cf.
661 3982 690 4045 p.
713 3961 757 4047 7.)
801 3963 856 4047 VI,
878 3963 921 4028 23
945 3967 1039 4047 ccciv
1060 3965 1084 4026 τ’
1107 3960 1215 4029 αὐτῶν
1237 3969 1324 4033 ἕνεκα

184 4071 313 4133 καὶτοῦ
334 4068 471 4132 δικαίου.

270 4178 443 4243 Praeterea
464 4174 629 4261 particulis
650 4177 798 4239 τέ-κυί
827 4177 1066 4246 enunciatomm
1088 4179 1235 4248 membra
1258 4203 1324 4251 con·

181 4285 370 4373 junguntur.
392 4284 446 4372 (cf.
475 4307 505 4371 p.
529 4285 596 4369 15.)
650 4285 689 4370 V,
713 4285 751 4368 83
780 4285 843 4370 243
873 4286 933 4370 253
955 4287 1016 4372 453
1050 4288 1109 4372 613
1141 4287 1201 4373 853
1235 4291 1325 4358 89d

184 4393 243 4472 VI,
265 4394 303 4480 63
327 4394 367 4478 93
391 4394 448 4481 143
472 4393 533 4479 233
555 4393 615 4477 293
637 4393 689 4459 38.
